<?xml version="1.0" encoding="UTF-8"?><record xmlns="http://www.loc.gov/MARC21/slim" xmlns:cinclude="http://apache.org/cocoon/include/1.0" xmlns:zs="http://www.loc.gov/zing/srw/">
  <leader>00374cz  a2200133n  4500</leader>
  <controlfield tag="001">n  84130806 </controlfield>
  <controlfield tag="003">DLC</controlfield>
  <controlfield tag="005">20081122081032.0</controlfield>
  <controlfield tag="008">841108n| acannaabn          |n aaa      </controlfield>
  <datafield tag="010" ind1=" " ind2=" ">
    <subfield code="a">n  84130806 </subfield>
  </datafield>
  <datafield tag="035" ind1=" " ind2=" ">
    <subfield code="a">(OCoLC)oca01234832</subfield>
  </datafield>
  <datafield tag="040" ind1=" " ind2=" ">
    <subfield code="a">WMUW</subfield>
    <subfield code="b">eng</subfield>
    <subfield code="c">DLC</subfield>
    <subfield code="d">OCoLC</subfield>
  </datafield>
  <datafield tag="100" ind1="1" ind2=" ">
    <subfield code="a">Sabatini, Renzo</subfield>
  </datafield>
  <datafield tag="670" ind1=" " ind2=" ">
    <subfield code="a">Boccherini, L. Quintetto in A, op. 6, Nr. 3, 1962:</subfield>
    <subfield code="b">cover (Renzo Sabatini)</subfield>
  </datafield>
</record>